<record><leader>00000cas a2200000 a 4500</leader><controlfield tag="001">5733104</controlfield><controlfield tag="008">791127d19601985nyudr ne      0   a0eng d</controlfield><controlfield tag="009">264</controlfield><datafield ind1=" " ind2=" " tag="010"><subfield code="a">sn 84031545 </subfield></datafield><datafield ind1=" " ind2=" " tag="040"><subfield code="a">ZBM</subfield><subfield code="b">eng</subfield><subfield code="c">ZBM</subfield><subfield code="d">NYS</subfield><subfield code="d">NYG</subfield><subfield code="d">NSD</subfield><subfield code="d">NYG</subfield><subfield code="d">NYS</subfield><subfield code="d">OCL</subfield><subfield code="d">OCLCQ</subfield></datafield><datafield ind1="1" ind2=" " tag="029"><subfield code="a">AU@</subfield><subfield code="b">000025801862</subfield></datafield><datafield ind1=" " ind2=" " tag="037"><subfield code="b">Evening Press, Vestal Parkway East, Binghamton, N.Y. 13902</subfield></datafield><datafield ind1=" " ind2=" " tag="042"><subfield code="a">msc</subfield></datafield><datafield ind1=" " ind2=" " tag="043"><subfield code="a">n-us-ny</subfield></datafield><datafield ind1="0" ind2=" " tag="130"><subfield code="a">Evening press (Binghamton, N.Y.)</subfield></datafield><datafield ind1="0" ind2="4" tag="245"><subfield code="a">The evening press.</subfield></datafield><datafield ind1="3" ind2="0" tag="246"><subfield code="a">Sunday press</subfield></datafield><datafield ind1="3" ind2="0" tag="246"><subfield code="a">Saturday press</subfield></datafield><datafield ind1="3" ind2="0" tag="246"><subfield code="a">Holiday press</subfield></datafield><datafield ind1="1" ind2="7" tag="246"><subfield code="a">Press</subfield></datafield><datafield ind1=" " ind2=" " tag="260"><subfield code="a">Binghamton, N.Y. :</subfield><subfield code="b">Binghamton Press Co.,</subfield><subfield code="c">1960-1985</subfield></datafield><datafield ind1=" " ind2=" " tag="300"><subfield code="a">v. :</subfield><subfield code="b">ill. ;</subfield><subfield code="c">58 cm.</subfield></datafield><datafield ind1=" " ind2=" " tag="310"><subfield code="a">Daily</subfield></datafield><datafield ind1="0" ind2=" " tag="362"><subfield code="a">Vol. 82, [no.] 140 (Sept. 23, 1960)-Sept. 29, 1985.</subfield></datafield><datafield ind1=" " ind2=" " tag="500"><subfield code="a">The issues for Saturday called: The Saturday press; for Sunday: The Sunday press; for holidays: The Holiday press.</subfield></datafield><datafield ind1=" " ind2=" " tag="500"><subfield code="a">Motto: "The hometown newspaper of the Southern Tier."</subfield></datafield><datafield ind1=" " ind2=" " tag="500"><subfield code="a">"A Gannett newspaper."</subfield></datafield><datafield ind1=" " ind2=" " tag="500"><subfield code="a">"Official newspaper for the town of Union and village of Endicott."</subfield></datafield><datafield ind1=" " ind2=" " tag="530"><subfield code="a">Available on microfilm from Micro Photo Division, Bell and Howell, Co.</subfield></datafield><datafield ind1=" " ind2="4" tag="651"><subfield code="a">Binghamton (N.Y.)</subfield><subfield code="v">Newspapers.</subfield></datafield><datafield ind1=" " ind2=" " tag="752"><subfield code="a">United States</subfield><subfield code="b">New York</subfield><subfield code="c">Broome</subfield><subfield code="d">Binghamton.</subfield></datafield><datafield ind1="0" ind2="0" tag="780"><subfield code="t">Binghamton press (Binghamton, N.Y. : 1927)</subfield><subfield code="w">(DLC)sn 90066172</subfield><subfield code="w">(OCoLC)22964242</subfield></datafield><datafield ind1="0" ind2="7" tag="785"><subfield code="t">Sun-bulletin (Binghamton, N.Y.)</subfield><subfield code="w">(DLC)sn 88084250</subfield></datafield><datafield ind1="0" ind2="7" tag="785"><subfield code="t">Press &amp; sun-bulletin</subfield><subfield code="x">0886-8816</subfield><subfield code="w">(DLC)sn 86013746</subfield><subfield code="w">(OCoLC)12636926</subfield></datafield></record>